%YAML 1.1
%TAG !u! tag:unity3d.com,2011:
--- !u!1001 &6701869152838967291
PrefabInstance:
  m_ObjectHideFlags: 0
  serializedVersion: 2
  m_Modification:
    serializedVersion: 3
    m_TransformParent: {fileID: 1466135209984916882}
    m_Modifications:
    - target: {fileID: 1205251093587571352, guid: e017b729393195445bb28e6d899d2d1f,
        type: 3}
      propertyPath: m_Name
      value: Health Bar
      objectReference: {fileID: 0}
    - target: {fileID: 2251043482584258712, guid: e017b729393195445bb28e6d899d2d1f,
        type: 3}
      propertyPath: foreground
      value: 
      objectReference: {fileID: 8030258334522330500}
    - target: {fileID: 2251043482584258712, guid: e017b729393195445bb28e6d899d2d1f,
        type: 3}
      propertyPath: rootCanvas
      value: 
      objectReference: {fileID: 3198517679193489765}
    - target: {fileID: 2251043482584258712, guid: e017b729393195445bb28e6d899d2d1f,
        type: 3}
      propertyPath: healthComponent
      value: 
      objectReference: {fileID: 5224142304942228539}
    - target: {fileID: 8780335660456690937, guid: e017b729393195445bb28e6d899d2d1f,
        type: 3}
      propertyPath: m_RootOrder
      value: 2
      objectReference: {fileID: 0}
    - target: {fileID: 8780335660456690937, guid: e017b729393195445bb28e6d899d2d1f,
        type: 3}
      propertyPath: m_LocalPosition.x
      value: 0
      objectReference: {fileID: 0}
    - target: {fileID: 8780335660456690937, guid: e017b729393195445bb28e6d899d2d1f,
        type: 3}
      propertyPath: m_LocalPosition.y
      value: 2.27
      objectReference: {fileID: 0}
    - target: {fileID: 8780335660456690937, guid: e017b729393195445bb28e6d899d2d1f,
        type: 3}
      propertyPath: m_LocalPosition.z
      value: 0
      objectReference: {fileID: 0}
    - target: {fileID: 8780335660456690937, guid: e017b729393195445bb28e6d899d2d1f,
        type: 3}
      propertyPath: m_LocalRotation.w
      value: 0.37061167
      objectReference: {fileID: 0}
    - target: {fileID: 8780335660456690937, guid: e017b729393195445bb28e6d899d2d1f,
        type: 3}
      propertyPath: m_LocalRotation.x
      value: -0
      objectReference: {fileID: 0}
    - target: {fileID: 8780335660456690937, guid: e017b729393195445bb28e6d899d2d1f,
        type: 3}
      propertyPath: m_LocalRotation.y
      value: -0.92878795
      objectReference: {fileID: 0}
    - target: {fileID: 8780335660456690937, guid: e017b729393195445bb28e6d899d2d1f,
        type: 3}
      propertyPath: m_LocalRotation.z
      value: 0
      objectReference: {fileID: 0}
    - target: {fileID: 8780335660456690937, guid: e017b729393195445bb28e6d899d2d1f,
        type: 3}
      propertyPath: m_LocalEulerAnglesHint.x
      value: 0
      objectReference: {fileID: 0}
    - target: {fileID: 8780335660456690937, guid: e017b729393195445bb28e6d899d2d1f,
        type: 3}
      propertyPath: m_LocalEulerAnglesHint.y
      value: 0
      objectReference: {fileID: 0}
    - target: {fileID: 8780335660456690937, guid: e017b729393195445bb28e6d899d2d1f,
        type: 3}
      propertyPath: m_LocalEulerAnglesHint.z
      value: 0
      objectReference: {fileID: 0}
    m_RemovedComponents: []
    m_RemovedGameObjects: []
    m_AddedGameObjects: []
    m_AddedComponents: []
  m_SourcePrefab: {fileID: 100100000, guid: e017b729393195445bb28e6d899d2d1f, type: 3}
--- !u!4 &2655952524718775042 stripped
Transform:
  m_CorrespondingSourceObject: {fileID: 8780335660456690937, guid: e017b729393195445bb28e6d899d2d1f,
    type: 3}
  m_PrefabInstance: {fileID: 6701869152838967291}
  m_PrefabAsset: {fileID: 0}
--- !u!223 &3198517679193489765 stripped
Canvas:
  m_CorrespondingSourceObject: {fileID: 8170295660436774558, guid: e017b729393195445bb28e6d899d2d1f,
    type: 3}
  m_PrefabInstance: {fileID: 6701869152838967291}
  m_PrefabAsset: {fileID: 0}
--- !u!224 &8030258334522330500 stripped
RectTransform:
  m_CorrespondingSourceObject: {fileID: 3634658973209039487, guid: e017b729393195445bb28e6d899d2d1f,
    type: 3}
  m_PrefabInstance: {fileID: 6701869152838967291}
  m_PrefabAsset: {fileID: 0}
--- !u!1001 &7320679462223498046
PrefabInstance:
  m_ObjectHideFlags: 0
  serializedVersion: 2
  m_Modification:
    serializedVersion: 3
    m_TransformParent: {fileID: 0}
    m_Modifications:
    - target: {fileID: 1172905977, guid: 750e3c6876a501e42b5827ec7a3d24d1, type: 3}
      propertyPath: m_Speed
      value: 1
      objectReference: {fileID: 0}
    - target: {fileID: 1172905977, guid: 750e3c6876a501e42b5827ec7a3d24d1, type: 3}
      propertyPath: m_Acceleration
      value: 0
      objectReference: {fileID: 0}
    - target: {fileID: 1172905977, guid: 750e3c6876a501e42b5827ec7a3d24d1, type: 3}
      propertyPath: m_AngularSpeed
      value: 0
      objectReference: {fileID: 0}
    - target: {fileID: 1172905977, guid: 750e3c6876a501e42b5827ec7a3d24d1, type: 3}
      propertyPath: m_StoppingDistance
      value: 1
      objectReference: {fileID: 0}
    - target: {fileID: 1504635807421391987, guid: 750e3c6876a501e42b5827ec7a3d24d1,
        type: 3}
      propertyPath: m_Constraints
      value: 80
      objectReference: {fileID: 0}
    - target: {fileID: 3125957438692005694, guid: 750e3c6876a501e42b5827ec7a3d24d1,
        type: 3}
      propertyPath: weapon
      value: 
      objectReference: {fileID: 11400000, guid: 2c7272ad808b5a8449f77a375a2c4119,
        type: 2}
    - target: {fileID: 3125957438692005694, guid: 750e3c6876a501e42b5827ec7a3d24d1,
        type: 3}
      propertyPath: weaponDamage
      value: 10
      objectReference: {fileID: 0}
    - target: {fileID: 3125957438692005694, guid: 750e3c6876a501e42b5827ec7a3d24d1,
        type: 3}
      propertyPath: defaultWeapon
      value: 
      objectReference: {fileID: 11400000, guid: 2c7272ad808b5a8449f77a375a2c4119,
        type: 2}
    - target: {fileID: 3125957438692005694, guid: 750e3c6876a501e42b5827ec7a3d24d1,
        type: 3}
      propertyPath: handTransform
      value: 
      objectReference: {fileID: 7865944738741547367}
    - target: {fileID: 3125957438692005694, guid: 750e3c6876a501e42b5827ec7a3d24d1,
        type: 3}
      propertyPath: leftHandTransform
      value: 
      objectReference: {fileID: 7865944738741604709}
    - target: {fileID: 3125957438692005694, guid: 750e3c6876a501e42b5827ec7a3d24d1,
        type: 3}
      propertyPath: rightHandTransform
      value: 
      objectReference: {fileID: 7865944738741547367}
    - target: {fileID: 3307795589981818629, guid: 750e3c6876a501e42b5827ec7a3d24d1,
        type: 3}
      propertyPath: healthPoints
      value: 40
      objectReference: {fileID: 0}
    - target: {fileID: 3307795589981818629, guid: 750e3c6876a501e42b5827ec7a3d24d1,
        type: 3}
      propertyPath: onDie.m_PersistentCalls.m_Calls.Array.size
      value: 2
      objectReference: {fileID: 0}
    - target: {fileID: 3307795589981818629, guid: 750e3c6876a501e42b5827ec7a3d24d1,
        type: 3}
      propertyPath: takeDamage.m_PersistentCalls.m_Calls.Array.size
      value: 3
      objectReference: {fileID: 0}
    - target: {fileID: 3307795589981818629, guid: 750e3c6876a501e42b5827ec7a3d24d1,
        type: 3}
      propertyPath: onDie.m_PersistentCalls.m_Calls.Array.data[1].m_Mode
      value: 1
      objectReference: {fileID: 0}
    - target: {fileID: 3307795589981818629, guid: 750e3c6876a501e42b5827ec7a3d24d1,
        type: 3}
      propertyPath: onDie.m_PersistentCalls.m_Calls.Array.data[0].m_Target
      value: 
      objectReference: {fileID: 8753111839781359242}
    - target: {fileID: 3307795589981818629, guid: 750e3c6876a501e42b5827ec7a3d24d1,
        type: 3}
      propertyPath: onDie.m_PersistentCalls.m_Calls.Array.data[1].m_Target
      value: 
      objectReference: {fileID: 3481217265853933194}
    - target: {fileID: 3307795589981818629, guid: 750e3c6876a501e42b5827ec7a3d24d1,
        type: 3}
      propertyPath: onDie.m_PersistentCalls.m_Calls.Array.data[1].m_CallState
      value: 2
      objectReference: {fileID: 0}
    - target: {fileID: 3307795589981818629, guid: 750e3c6876a501e42b5827ec7a3d24d1,
        type: 3}
      propertyPath: takeDamage.m_PersistentCalls.m_Calls.Array.data[2].m_Mode
      value: 1
      objectReference: {fileID: 0}
    - target: {fileID: 3307795589981818629, guid: 750e3c6876a501e42b5827ec7a3d24d1,
        type: 3}
      propertyPath: onDie.m_PersistentCalls.m_Calls.Array.data[1].m_MethodName
      value: RandomDrop
      objectReference: {fileID: 0}
    - target: {fileID: 3307795589981818629, guid: 750e3c6876a501e42b5827ec7a3d24d1,
        type: 3}
      propertyPath: takeDamage.m_PersistentCalls.m_Calls.Array.data[0].m_Target
      value: 
      objectReference: {fileID: 8164490165361106335}
    - target: {fileID: 3307795589981818629, guid: 750e3c6876a501e42b5827ec7a3d24d1,
        type: 3}
      propertyPath: takeDamage.m_PersistentCalls.m_Calls.Array.data[1].m_Target
      value: 
      objectReference: {fileID: 6442889665862181388}
    - target: {fileID: 3307795589981818629, guid: 750e3c6876a501e42b5827ec7a3d24d1,
        type: 3}
      propertyPath: takeDamage.m_PersistentCalls.m_Calls.Array.data[2].m_CallState
      value: 2
      objectReference: {fileID: 0}
    - target: {fileID: 3307795589981818629, guid: 750e3c6876a501e42b5827ec7a3d24d1,
        type: 3}
      propertyPath: takeDamage.m_PersistentCalls.m_Calls.Array.data[2].m_MethodName
      value: Aggrevate
      objectReference: {fileID: 0}
    - target: {fileID: 3307795589981818629, guid: 750e3c6876a501e42b5827ec7a3d24d1,
        type: 3}
      propertyPath: onDie.m_PersistentCalls.m_Calls.Array.data[1].m_Arguments.m_ObjectArgumentAssemblyTypeName
      value: UnityEngine.Object, UnityEngine
      objectReference: {fileID: 0}
    - target: {fileID: 3307795589981818629, guid: 750e3c6876a501e42b5827ec7a3d24d1,
        type: 3}
      propertyPath: takeDamage.m_PersistentCalls.m_Calls.Array.data[2].m_Arguments.m_ObjectArgumentAssemblyTypeName
      value: UnityEngine.Object, UnityEngine
      objectReference: {fileID: 0}
    - target: {fileID: 4375870170505401555, guid: 750e3c6876a501e42b5827ec7a3d24d1,
        type: 3}
      propertyPath: m_RootOrder
      value: 3
      objectReference: {fileID: 0}
    - target: {fileID: 5401972681186859721, guid: 750e3c6876a501e42b5827ec7a3d24d1,
        type: 3}
      propertyPath: m_Name
      value: Enemy
      objectReference: {fileID: 0}
    - target: {fileID: 5401972681186859721, guid: 750e3c6876a501e42b5827ec7a3d24d1,
        type: 3}
      propertyPath: m_TagString
      value: Enemy
      objectReference: {fileID: 0}
    - target: {fileID: 7806228419900559246, guid: 750e3c6876a501e42b5827ec7a3d24d1,
        type: 3}
      propertyPath: m_Controller
      value: 
      objectReference: {fileID: 9100000, guid: 64d075ad87f757840b58401885272f87, type: 2}
    - target: {fileID: 8196697675836667564, guid: 750e3c6876a501e42b5827ec7a3d24d1,
        type: 3}
      propertyPath: m_RootOrder
      value: 0
      objectReference: {fileID: 0}
    - target: {fileID: 8196697675836667564, guid: 750e3c6876a501e42b5827ec7a3d24d1,
        type: 3}
      propertyPath: m_LocalPosition.x
      value: -3.48662
      objectReference: {fileID: 0}
    - target: {fileID: 8196697675836667564, guid: 750e3c6876a501e42b5827ec7a3d24d1,
        type: 3}
      propertyPath: m_LocalPosition.y
      value: 0.00000047683716
      objectReference: {fileID: 0}
    - target: {fileID: 8196697675836667564, guid: 750e3c6876a501e42b5827ec7a3d24d1,
        type: 3}
      propertyPath: m_LocalPosition.z
      value: 2.007536
      objectReference: {fileID: 0}
    - target: {fileID: 8196697675836667564, guid: 750e3c6876a501e42b5827ec7a3d24d1,
        type: 3}
      propertyPath: m_LocalRotation.w
      value: 0.37061167
      objectReference: {fileID: 0}
    - target: {fileID: 8196697675836667564, guid: 750e3c6876a501e42b5827ec7a3d24d1,
        type: 3}
      propertyPath: m_LocalRotation.x
      value: -0
      objectReference: {fileID: 0}
    - target: {fileID: 8196697675836667564, guid: 750e3c6876a501e42b5827ec7a3d24d1,
        type: 3}
      propertyPath: m_LocalRotation.y
      value: 0.92878795
      objectReference: {fileID: 0}
    - target: {fileID: 8196697675836667564, guid: 750e3c6876a501e42b5827ec7a3d24d1,
        type: 3}
      propertyPath: m_LocalRotation.z
      value: -0
      objectReference: {fileID: 0}
    - target: {fileID: 8196697675836667564, guid: 750e3c6876a501e42b5827ec7a3d24d1,
        type: 3}
      propertyPath: m_LocalEulerAnglesHint.x
      value: 0
      objectReference: {fileID: 0}
    - target: {fileID: 8196697675836667564, guid: 750e3c6876a501e42b5827ec7a3d24d1,
        type: 3}
      propertyPath: m_LocalEulerAnglesHint.y
      value: 136.49301
      objectReference: {fileID: 0}
    - target: {fileID: 8196697675836667564, guid: 750e3c6876a501e42b5827ec7a3d24d1,
        type: 3}
      propertyPath: m_LocalEulerAnglesHint.z
      value: 0
      objectReference: {fileID: 0}
    m_RemovedComponents:
    - {fileID: 7194369426698761440, guid: 750e3c6876a501e42b5827ec7a3d24d1, type: 3}
    m_RemovedGameObjects: []
    m_AddedGameObjects:
    - targetCorrespondingSourceObject: {fileID: 8196697675836667564, guid: 750e3c6876a501e42b5827ec7a3d24d1,
        type: 3}
      insertIndex: -1
      addedObject: {fileID: 7865944738741541137}
    - targetCorrespondingSourceObject: {fileID: 8196697675836667564, guid: 750e3c6876a501e42b5827ec7a3d24d1,
        type: 3}
      insertIndex: -1
      addedObject: {fileID: 2655952524718775042}
    m_AddedComponents:
    - targetCorrespondingSourceObject: {fileID: 5401972681186859721, guid: 750e3c6876a501e42b5827ec7a3d24d1,
        type: 3}
      insertIndex: -1
      addedObject: {fileID: 3481217265853933194}
    - targetCorrespondingSourceObject: {fileID: 5401972681186859721, guid: 750e3c6876a501e42b5827ec7a3d24d1,
        type: 3}
      insertIndex: -1
      addedObject: {fileID: 5584206271829713441}
    - targetCorrespondingSourceObject: {fileID: 5401972681186859721, guid: 750e3c6876a501e42b5827ec7a3d24d1,
        type: 3}
      insertIndex: -1
      addedObject: {fileID: 5239411771946900439}
    - targetCorrespondingSourceObject: {fileID: 5401972681186859721, guid: 750e3c6876a501e42b5827ec7a3d24d1,
        type: 3}
      insertIndex: -1
      addedObject: {fileID: 491031855647336983}
    - targetCorrespondingSourceObject: {fileID: 5401972681186859721, guid: 750e3c6876a501e42b5827ec7a3d24d1,
        type: 3}
      insertIndex: -1
      addedObject: {fileID: 1040047547063528029}
    - targetCorrespondingSourceObject: {fileID: 5401972681186859721, guid: 750e3c6876a501e42b5827ec7a3d24d1,
        type: 3}
      insertIndex: -1
      addedObject: {fileID: 6436048384676235691}
    - targetCorrespondingSourceObject: {fileID: 5401972681186859721, guid: 750e3c6876a501e42b5827ec7a3d24d1,
        type: 3}
      insertIndex: -1
      addedObject: {fileID: 8542362636135286187}
  m_SourcePrefab: {fileID: 100100000, guid: 750e3c6876a501e42b5827ec7a3d24d1, type: 3}
--- !u!95 &706234240075760816 stripped
Animator:
  m_CorrespondingSourceObject: {fileID: 7806228419900559246, guid: 750e3c6876a501e42b5827ec7a3d24d1,
    type: 3}
  m_PrefabInstance: {fileID: 7320679462223498046}
  m_PrefabAsset: {fileID: 0}
--- !u!4 &1466135209984916882 stripped
Transform:
  m_CorrespondingSourceObject: {fileID: 8196697675836667564, guid: 750e3c6876a501e42b5827ec7a3d24d1,
    type: 3}
  m_PrefabInstance: {fileID: 7320679462223498046}
  m_PrefabAsset: {fileID: 0}
--- !u!1 &3418213045117489655 stripped
GameObject:
  m_CorrespondingSourceObject: {fileID: 5401972681186859721, guid: 750e3c6876a501e42b5827ec7a3d24d1,
    type: 3}
  m_PrefabInstance: {fileID: 7320679462223498046}
  m_PrefabAsset: {fileID: 0}
--- !u!114 &3481217265853933194
MonoBehaviour:
  m_ObjectHideFlags: 0
  m_CorrespondingSourceObject: {fileID: 0}
  m_PrefabInstance: {fileID: 0}
  m_PrefabAsset: {fileID: 0}
  m_GameObject: {fileID: 3418213045117489655}
  m_Enabled: 1
  m_EditorHideFlags: 0
  m_Script: {fileID: 11500000, guid: 2b860afea1bfe51468397556e9bb6ffa, type: 3}
  m_Name: 
  m_EditorClassIdentifier: 
  scatterDistance: 1
  dropLibrary: {fileID: 11400000, guid: d5cc6204b1937334b86da16294c71cb7, type: 2}
--- !u!114 &5584206271829713441
MonoBehaviour:
  m_ObjectHideFlags: 0
  m_CorrespondingSourceObject: {fileID: 0}
  m_PrefabInstance: {fileID: 0}
  m_PrefabAsset: {fileID: 0}
  m_GameObject: {fileID: 3418213045117489655}
  m_Enabled: 1
  m_EditorHideFlags: 0
  m_Script: {fileID: 11500000, guid: 6164c691a7144ae8a1f03864550b778f, type: 3}
  m_Name: 
  m_EditorClassIdentifier: 
  uniqueIdentifier: 
--- !u!114 &5239411771946900439
MonoBehaviour:
  m_ObjectHideFlags: 0
  m_CorrespondingSourceObject: {fileID: 0}
  m_PrefabInstance: {fileID: 0}
  m_PrefabAsset: {fileID: 0}
  m_GameObject: {fileID: 3418213045117489655}
  m_Enabled: 1
  m_EditorHideFlags: 0
  m_Script: {fileID: 11500000, guid: 12d71757517a4a4fa84e0fd542d4ebe0, type: 3}
  m_Name: 
  m_EditorClassIdentifier: 
--- !u!143 &491031855647336983
CharacterController:
  m_ObjectHideFlags: 0
  m_CorrespondingSourceObject: {fileID: 0}
  m_PrefabInstance: {fileID: 0}
  m_PrefabAsset: {fileID: 0}
  m_GameObject: {fileID: 3418213045117489655}
  m_Material: {fileID: 0}
  m_IncludeLayers:
    serializedVersion: 2
    m_Bits: 0
  m_ExcludeLayers:
    serializedVersion: 2
    m_Bits: 0
  m_LayerOverridePriority: 0
  m_IsTrigger: 0
  m_ProvidesContacts: 0
  m_Enabled: 1
  serializedVersion: 3
  m_Height: 2
  m_Radius: 0.4
  m_SlopeLimit: 45
  m_StepOffset: 0.3
  m_SkinWidth: 0.08
  m_MinMoveDistance: 0.001
  m_Center: {x: 0, y: 1, z: 0}
--- !u!114 &1040047547063528029
MonoBehaviour:
  m_ObjectHideFlags: 0
  m_CorrespondingSourceObject: {fileID: 0}
  m_PrefabInstance: {fileID: 0}
  m_PrefabAsset: {fileID: 0}
  m_GameObject: {fileID: 3418213045117489655}
  m_Enabled: 1
  m_EditorHideFlags: 0
  m_Script: {fileID: 11500000, guid: 1df7cef794464fe0a9b9f8a5eb31572d, type: 3}
  m_Name: 
  m_EditorClassIdentifier: 
  <Animator>k__BackingField: {fileID: 706234240075760816}
  <CharacterController>k__BackingField: {fileID: 491031855647336983}
  <ForceReceiver>k__BackingField: {fileID: 6436048384676235691}
  <Agent>k__BackingField: {fileID: 7320679463253791943}
  <PatrolPath>k__BackingField: {fileID: 0}
  <Fighter>k__BackingField: {fileID: 5690833133133257728}
  <BaseStats>k__BackingField: {fileID: 5132307635276464659}
  <Health>k__BackingField: {fileID: 5224142304942228539}
  <CooldownTokenManager>k__BackingField: {fileID: 8542362636135286187}
  <PlayerChasingRange>k__BackingField: 5
  <MovementSpeed>k__BackingField: 4
  <RotationSpeed>k__BackingField: 45
  <CrossFadeDuration>k__BackingField: 0.1
  <AnimatorDampTime>k__BackingField: 0.1
--- !u!114 &6436048384676235691
MonoBehaviour:
  m_ObjectHideFlags: 0
  m_CorrespondingSourceObject: {fileID: 0}
  m_PrefabInstance: {fileID: 0}
  m_PrefabAsset: {fileID: 0}
  m_GameObject: {fileID: 3418213045117489655}
  m_Enabled: 1
  m_EditorHideFlags: 0
  m_Script: {fileID: 11500000, guid: 7d87122252be417290539bc0f4e49c89, type: 3}
  m_Name: 
  m_EditorClassIdentifier: 
  drag: 0.3
  minimumImpactVelocity: 0.1
--- !u!114 &8542362636135286187
MonoBehaviour:
  m_ObjectHideFlags: 0
  m_CorrespondingSourceObject: {fileID: 0}
  m_PrefabInstance: {fileID: 0}
  m_PrefabAsset: {fileID: 0}
  m_GameObject: {fileID: 3418213045117489655}
  m_Enabled: 1
  m_EditorHideFlags: 0
  m_Script: {fileID: 11500000, guid: f03d0da6d2af4357816794f7e78ff989, type: 3}
  m_Name: 
  m_EditorClassIdentifier: 
--- !u!114 &5132307635276464659 stripped
MonoBehaviour:
  m_CorrespondingSourceObject: {fileID: 2495515040136399149, guid: 750e3c6876a501e42b5827ec7a3d24d1,
    type: 3}
  m_PrefabInstance: {fileID: 7320679462223498046}
  m_PrefabAsset: {fileID: 0}
  m_GameObject: {fileID: 3418213045117489655}
  m_Enabled: 1
  m_EditorHideFlags: 0
  m_Script: {fileID: 11500000, guid: eacf20591b9dd6044bbcd90ca8f098db, type: 3}
  m_Name: 
  m_EditorClassIdentifier: 
--- !u!114 &5224142304942228539 stripped
MonoBehaviour:
  m_CorrespondingSourceObject: {fileID: 3307795589981818629, guid: 750e3c6876a501e42b5827ec7a3d24d1,
    type: 3}
  m_PrefabInstance: {fileID: 7320679462223498046}
  m_PrefabAsset: {fileID: 0}
  m_GameObject: {fileID: 3418213045117489655}
  m_Enabled: 1
  m_EditorHideFlags: 0
  m_Script: {fileID: 11500000, guid: f681b2338b2fccc428a8e51d8f2adc5f, type: 3}
  m_Name: 
  m_EditorClassIdentifier: 
--- !u!114 &5690833133133257728 stripped
MonoBehaviour:
  m_CorrespondingSourceObject: {fileID: 3125957438692005694, guid: 750e3c6876a501e42b5827ec7a3d24d1,
    type: 3}
  m_PrefabInstance: {fileID: 7320679462223498046}
  m_PrefabAsset: {fileID: 0}
  m_GameObject: {fileID: 3418213045117489655}
  m_Enabled: 1
  m_EditorHideFlags: 0
  m_Script: {fileID: 11500000, guid: 9ed0630d0160f35439dffb044c3ae874, type: 3}
  m_Name: 
  m_EditorClassIdentifier: 
--- !u!82 &6442889665862181388 stripped
AudioSource:
  m_CorrespondingSourceObject: {fileID: 4391565082401990962, guid: 750e3c6876a501e42b5827ec7a3d24d1,
    type: 3}
  m_PrefabInstance: {fileID: 7320679462223498046}
  m_PrefabAsset: {fileID: 0}
--- !u!195 &7320679463253791943 stripped
NavMeshAgent:
  m_CorrespondingSourceObject: {fileID: 1172905977, guid: 750e3c6876a501e42b5827ec7a3d24d1,
    type: 3}
  m_PrefabInstance: {fileID: 7320679462223498046}
  m_PrefabAsset: {fileID: 0}
--- !u!114 &8164490165361106335 stripped
MonoBehaviour:
  m_CorrespondingSourceObject: {fileID: 1501492681116784289, guid: 750e3c6876a501e42b5827ec7a3d24d1,
    type: 3}
  m_PrefabInstance: {fileID: 7320679462223498046}
  m_PrefabAsset: {fileID: 0}
  m_GameObject: {fileID: 0}
  m_Enabled: 1
  m_EditorHideFlags: 0
  m_Script: {fileID: 11500000, guid: 565a6cf83d2e1ac4fa7d453686c7ff03, type: 3}
  m_Name: 
  m_EditorClassIdentifier: 
--- !u!82 &8753111839781359242 stripped
AudioSource:
  m_CorrespondingSourceObject: {fileID: 2080957664971146676, guid: 750e3c6876a501e42b5827ec7a3d24d1,
    type: 3}
  m_PrefabInstance: {fileID: 7320679462223498046}
  m_PrefabAsset: {fileID: 0}
--- !u!1001 &7865944738741651049
PrefabInstance:
  m_ObjectHideFlags: 0
  serializedVersion: 2
  m_Modification:
    serializedVersion: 3
    m_TransformParent: {fileID: 1466135209984916882}
    m_Modifications:
    - target: {fileID: 101984, guid: 30cf93deff988e74e88a144bd2127c18, type: 3}
      propertyPath: m_Layer
      value: 9
      objectReference: {fileID: 0}
    - target: {fileID: 103476, guid: 30cf93deff988e74e88a144bd2127c18, type: 3}
      propertyPath: m_Layer
      value: 9
      objectReference: {fileID: 0}
    - target: {fileID: 106004, guid: 30cf93deff988e74e88a144bd2127c18, type: 3}
      propertyPath: m_Layer
      value: 9
      objectReference: {fileID: 0}
    - target: {fileID: 106724, guid: 30cf93deff988e74e88a144bd2127c18, type: 3}
      propertyPath: m_Layer
      value: 9
      objectReference: {fileID: 0}
    - target: {fileID: 110418, guid: 30cf93deff988e74e88a144bd2127c18, type: 3}
      propertyPath: m_Layer
      value: 9
      objectReference: {fileID: 0}
    - target: {fileID: 111740, guid: 30cf93deff988e74e88a144bd2127c18, type: 3}
      propertyPath: m_Layer
      value: 9
      objectReference: {fileID: 0}
    - target: {fileID: 112408, guid: 30cf93deff988e74e88a144bd2127c18, type: 3}
      propertyPath: m_Layer
      value: 9
      objectReference: {fileID: 0}
    - target: {fileID: 112696, guid: 30cf93deff988e74e88a144bd2127c18, type: 3}
      propertyPath: m_Layer
      value: 9
      objectReference: {fileID: 0}
    - target: {fileID: 113482, guid: 30cf93deff988e74e88a144bd2127c18, type: 3}
      propertyPath: m_Layer
      value: 9
      objectReference: {fileID: 0}
    - target: {fileID: 113848, guid: 30cf93deff988e74e88a144bd2127c18, type: 3}
      propertyPath: m_Layer
      value: 9
      objectReference: {fileID: 0}
    - target: {fileID: 114164, guid: 30cf93deff988e74e88a144bd2127c18, type: 3}
      propertyPath: m_Layer
      value: 9
      objectReference: {fileID: 0}
    - target: {fileID: 117866, guid: 30cf93deff988e74e88a144bd2127c18, type: 3}
      propertyPath: m_Layer
      value: 9
      objectReference: {fileID: 0}
    - target: {fileID: 118264, guid: 30cf93deff988e74e88a144bd2127c18, type: 3}
      propertyPath: m_Layer
      value: 9
      objectReference: {fileID: 0}
    - target: {fileID: 122546, guid: 30cf93deff988e74e88a144bd2127c18, type: 3}
      propertyPath: m_Layer
      value: 9
      objectReference: {fileID: 0}
    - target: {fileID: 122954, guid: 30cf93deff988e74e88a144bd2127c18, type: 3}
      propertyPath: m_Layer
      value: 9
      objectReference: {fileID: 0}
    - target: {fileID: 126890, guid: 30cf93deff988e74e88a144bd2127c18, type: 3}
      propertyPath: m_Layer
      value: 9
      objectReference: {fileID: 0}
    - target: {fileID: 129070, guid: 30cf93deff988e74e88a144bd2127c18, type: 3}
      propertyPath: m_Layer
      value: 9
      objectReference: {fileID: 0}
    - target: {fileID: 131476, guid: 30cf93deff988e74e88a144bd2127c18, type: 3}
      propertyPath: m_Layer
      value: 9
      objectReference: {fileID: 0}
    - target: {fileID: 133518, guid: 30cf93deff988e74e88a144bd2127c18, type: 3}
      propertyPath: m_Name
      value: Character_Knights_Soldier_01
      objectReference: {fileID: 0}
    - target: {fileID: 133518, guid: 30cf93deff988e74e88a144bd2127c18, type: 3}
      propertyPath: m_Layer
      value: 9
      objectReference: {fileID: 0}
    - target: {fileID: 133736, guid: 30cf93deff988e74e88a144bd2127c18, type: 3}
      propertyPath: m_Layer
      value: 9
      objectReference: {fileID: 0}
    - target: {fileID: 134796, guid: 30cf93deff988e74e88a144bd2127c18, type: 3}
      propertyPath: m_Layer
      value: 9
      objectReference: {fileID: 0}
    - target: {fileID: 135566, guid: 30cf93deff988e74e88a144bd2127c18, type: 3}
      propertyPath: m_Layer
      value: 9
      objectReference: {fileID: 0}
    - target: {fileID: 138130, guid: 30cf93deff988e74e88a144bd2127c18, type: 3}
      propertyPath: m_Layer
      value: 9
      objectReference: {fileID: 0}
    - target: {fileID: 140830, guid: 30cf93deff988e74e88a144bd2127c18, type: 3}
      propertyPath: m_Layer
      value: 9
      objectReference: {fileID: 0}
    - target: {fileID: 144416, guid: 30cf93deff988e74e88a144bd2127c18, type: 3}
      propertyPath: m_Layer
      value: 9
      objectReference: {fileID: 0}
    - target: {fileID: 144504, guid: 30cf93deff988e74e88a144bd2127c18, type: 3}
      propertyPath: m_Layer
      value: 9
      objectReference: {fileID: 0}
    - target: {fileID: 147590, guid: 30cf93deff988e74e88a144bd2127c18, type: 3}
      propertyPath: m_Layer
      value: 9
      objectReference: {fileID: 0}
    - target: {fileID: 148068, guid: 30cf93deff988e74e88a144bd2127c18, type: 3}
      propertyPath: m_Layer
      value: 9
      objectReference: {fileID: 0}
    - target: {fileID: 149980, guid: 30cf93deff988e74e88a144bd2127c18, type: 3}
      propertyPath: m_Layer
      value: 9
      objectReference: {fileID: 0}
    - target: {fileID: 151388, guid: 30cf93deff988e74e88a144bd2127c18, type: 3}
      propertyPath: m_Layer
      value: 9
      objectReference: {fileID: 0}
    - target: {fileID: 151578, guid: 30cf93deff988e74e88a144bd2127c18, type: 3}
      propertyPath: m_Layer
      value: 9
      objectReference: {fileID: 0}
    - target: {fileID: 153244, guid: 30cf93deff988e74e88a144bd2127c18, type: 3}
      propertyPath: m_Layer
      value: 9
      objectReference: {fileID: 0}
    - target: {fileID: 155480, guid: 30cf93deff988e74e88a144bd2127c18, type: 3}
      propertyPath: m_Layer
      value: 9
      objectReference: {fileID: 0}
    - target: {fileID: 160788, guid: 30cf93deff988e74e88a144bd2127c18, type: 3}
      propertyPath: m_Layer
      value: 9
      objectReference: {fileID: 0}
    - target: {fileID: 161378, guid: 30cf93deff988e74e88a144bd2127c18, type: 3}
      propertyPath: m_Layer
      value: 9
      objectReference: {fileID: 0}
    - target: {fileID: 167656, guid: 30cf93deff988e74e88a144bd2127c18, type: 3}
      propertyPath: m_Layer
      value: 9
      objectReference: {fileID: 0}
    - target: {fileID: 168074, guid: 30cf93deff988e74e88a144bd2127c18, type: 3}
      propertyPath: m_Layer
      value: 9
      objectReference: {fileID: 0}
    - target: {fileID: 170736, guid: 30cf93deff988e74e88a144bd2127c18, type: 3}
      propertyPath: m_Layer
      value: 9
      objectReference: {fileID: 0}
    - target: {fileID: 170994, guid: 30cf93deff988e74e88a144bd2127c18, type: 3}
      propertyPath: m_Layer
      value: 9
      objectReference: {fileID: 0}
    - target: {fileID: 171754, guid: 30cf93deff988e74e88a144bd2127c18, type: 3}
      propertyPath: m_Layer
      value: 9
      objectReference: {fileID: 0}
    - target: {fileID: 173820, guid: 30cf93deff988e74e88a144bd2127c18, type: 3}
      propertyPath: m_Layer
      value: 9
      objectReference: {fileID: 0}
    - target: {fileID: 175290, guid: 30cf93deff988e74e88a144bd2127c18, type: 3}
      propertyPath: m_Layer
      value: 9
      objectReference: {fileID: 0}
    - target: {fileID: 175308, guid: 30cf93deff988e74e88a144bd2127c18, type: 3}
      propertyPath: m_Layer
      value: 9
      objectReference: {fileID: 0}
    - target: {fileID: 181266, guid: 30cf93deff988e74e88a144bd2127c18, type: 3}
      propertyPath: m_Layer
      value: 9
      objectReference: {fileID: 0}
    - target: {fileID: 181686, guid: 30cf93deff988e74e88a144bd2127c18, type: 3}
      propertyPath: m_Layer
      value: 9
      objectReference: {fileID: 0}
    - target: {fileID: 182448, guid: 30cf93deff988e74e88a144bd2127c18, type: 3}
      propertyPath: m_Layer
      value: 9
      objectReference: {fileID: 0}
    - target: {fileID: 185936, guid: 30cf93deff988e74e88a144bd2127c18, type: 3}
      propertyPath: m_Layer
      value: 9
      objectReference: {fileID: 0}
    - target: {fileID: 186422, guid: 30cf93deff988e74e88a144bd2127c18, type: 3}
      propertyPath: m_Layer
      value: 9
      objectReference: {fileID: 0}
    - target: {fileID: 188840, guid: 30cf93deff988e74e88a144bd2127c18, type: 3}
      propertyPath: m_Layer
      value: 9
      objectReference: {fileID: 0}
    - target: {fileID: 190760, guid: 30cf93deff988e74e88a144bd2127c18, type: 3}
      propertyPath: m_Layer
      value: 9
      objectReference: {fileID: 0}
    - target: {fileID: 194720, guid: 30cf93deff988e74e88a144bd2127c18, type: 3}
      propertyPath: m_Layer
      value: 9
      objectReference: {fileID: 0}
    - target: {fileID: 197042, guid: 30cf93deff988e74e88a144bd2127c18, type: 3}
      propertyPath: m_Layer
      value: 9
      objectReference: {fileID: 0}
    - target: {fileID: 198656, guid: 30cf93deff988e74e88a144bd2127c18, type: 3}
      propertyPath: m_Layer
      value: 9
      objectReference: {fileID: 0}
    - target: {fileID: 198716, guid: 30cf93deff988e74e88a144bd2127c18, type: 3}
      propertyPath: m_Layer
      value: 9
      objectReference: {fileID: 0}
    - target: {fileID: 199264, guid: 30cf93deff988e74e88a144bd2127c18, type: 3}
      propertyPath: m_Layer
      value: 9
      objectReference: {fileID: 0}
    - target: {fileID: 199316, guid: 30cf93deff988e74e88a144bd2127c18, type: 3}
      propertyPath: m_Layer
      value: 9
      objectReference: {fileID: 0}
    - target: {fileID: 417656, guid: 30cf93deff988e74e88a144bd2127c18, type: 3}
      propertyPath: m_RootOrder
      value: 0
      objectReference: {fileID: 0}
    - target: {fileID: 417656, guid: 30cf93deff988e74e88a144bd2127c18, type: 3}
      propertyPath: m_LocalPosition.x
      value: 0
      objectReference: {fileID: 0}
    - target: {fileID: 417656, guid: 30cf93deff988e74e88a144bd2127c18, type: 3}
      propertyPath: m_LocalPosition.y
      value: 0
      objectReference: {fileID: 0}
    - target: {fileID: 417656, guid: 30cf93deff988e74e88a144bd2127c18, type: 3}
      propertyPath: m_LocalPosition.z
      value: 0
      objectReference: {fileID: 0}
    - target: {fileID: 417656, guid: 30cf93deff988e74e88a144bd2127c18, type: 3}
      propertyPath: m_LocalRotation.w
      value: 1
      objectReference: {fileID: 0}
    - target: {fileID: 417656, guid: 30cf93deff988e74e88a144bd2127c18, type: 3}
      propertyPath: m_LocalRotation.x
      value: 0
      objectReference: {fileID: 0}
    - target: {fileID: 417656, guid: 30cf93deff988e74e88a144bd2127c18, type: 3}
      propertyPath: m_LocalRotation.y
      value: 0
      objectReference: {fileID: 0}
    - target: {fileID: 417656, guid: 30cf93deff988e74e88a144bd2127c18, type: 3}
      propertyPath: m_LocalRotation.z
      value: 0
      objectReference: {fileID: 0}
    - target: {fileID: 417656, guid: 30cf93deff988e74e88a144bd2127c18, type: 3}
      propertyPath: m_LocalEulerAnglesHint.x
      value: 0
      objectReference: {fileID: 0}
    - target: {fileID: 417656, guid: 30cf93deff988e74e88a144bd2127c18, type: 3}
      propertyPath: m_LocalEulerAnglesHint.y
      value: 0
      objectReference: {fileID: 0}
    - target: {fileID: 417656, guid: 30cf93deff988e74e88a144bd2127c18, type: 3}
      propertyPath: m_LocalEulerAnglesHint.z
      value: 0
      objectReference: {fileID: 0}
    - target: {fileID: 13787996, guid: 30cf93deff988e74e88a144bd2127c18, type: 3}
      propertyPath: m_RootBone
      value: 
      objectReference: {fileID: 7865944738741525851}
    - target: {fileID: 13787996, guid: 30cf93deff988e74e88a144bd2127c18, type: 3}
      propertyPath: m_Bones.Array.data[0]
      value: 
      objectReference: {fileID: 7865944738741525851}
    - target: {fileID: 13787996, guid: 30cf93deff988e74e88a144bd2127c18, type: 3}
      propertyPath: m_Bones.Array.data[1]
      value: 
      objectReference: {fileID: 7865944738741498449}
    - target: {fileID: 13787996, guid: 30cf93deff988e74e88a144bd2127c18, type: 3}
      propertyPath: m_Bones.Array.data[2]
      value: 
      objectReference: {fileID: 7865944738741485943}
    - target: {fileID: 13787996, guid: 30cf93deff988e74e88a144bd2127c18, type: 3}
      propertyPath: m_Bones.Array.data[3]
      value: 
      objectReference: {fileID: 7865944738741496163}
    - target: {fileID: 13787996, guid: 30cf93deff988e74e88a144bd2127c18, type: 3}
      propertyPath: m_Bones.Array.data[4]
      value: 
      objectReference: {fileID: 7865944738741502725}
    - target: {fileID: 13787996, guid: 30cf93deff988e74e88a144bd2127c18, type: 3}
      propertyPath: m_Bones.Array.data[5]
      value: 
      objectReference: {fileID: 7865944738741561049}
    - target: {fileID: 13787996, guid: 30cf93deff988e74e88a144bd2127c18, type: 3}
      propertyPath: m_Bones.Array.data[6]
      value: 
      objectReference: {fileID: 7865944738741587455}
    - target: {fileID: 13787996, guid: 30cf93deff988e74e88a144bd2127c18, type: 3}
      propertyPath: m_Bones.Array.data[7]
      value: 
      objectReference: {fileID: 7865944738741602915}
    - target: {fileID: 13787996, guid: 30cf93deff988e74e88a144bd2127c18, type: 3}
      propertyPath: m_Bones.Array.data[8]
      value: 
      objectReference: {fileID: 7865944738741598951}
    - target: {fileID: 13787996, guid: 30cf93deff988e74e88a144bd2127c18, type: 3}
      propertyPath: m_Bones.Array.data[9]
      value: 
      objectReference: {fileID: 7865944738741502317}
    - target: {fileID: 13787996, guid: 30cf93deff988e74e88a144bd2127c18, type: 3}
      propertyPath: m_Bones.Array.data[10]
      value: 
      objectReference: {fileID: 7865944738741512019}
    - target: {fileID: 13787996, guid: 30cf93deff988e74e88a144bd2127c18, type: 3}
      propertyPath: m_Bones.Array.data[11]
      value: 
      objectReference: {fileID: 7865944738741504025}
    - target: {fileID: 13787996, guid: 30cf93deff988e74e88a144bd2127c18, type: 3}
      propertyPath: m_Bones.Array.data[12]
      value: 
      objectReference: {fileID: 7865944738741604709}
    - target: {fileID: 13787996, guid: 30cf93deff988e74e88a144bd2127c18, type: 3}
      propertyPath: m_Bones.Array.data[13]
      value: 
      objectReference: {fileID: 7865944738741534037}
    - target: {fileID: 13787996, guid: 30cf93deff988e74e88a144bd2127c18, type: 3}
      propertyPath: m_Bones.Array.data[14]
      value: 
      objectReference: {fileID: 7865944738741605269}
    - target: {fileID: 13787996, guid: 30cf93deff988e74e88a144bd2127c18, type: 3}
      propertyPath: m_Bones.Array.data[15]
      value: 
      objectReference: {fileID: 7865944738741510543}
    - target: {fileID: 13787996, guid: 30cf93deff988e74e88a144bd2127c18, type: 3}
      propertyPath: m_Bones.Array.data[16]
      value: 
      objectReference: {fileID: 7865944738741501267}
    - target: {fileID: 13787996, guid: 30cf93deff988e74e88a144bd2127c18, type: 3}
      propertyPath: m_Bones.Array.data[17]
      value: 
      objectReference: {fileID: 7865944738741587383}
    - target: {fileID: 13787996, guid: 30cf93deff988e74e88a144bd2127c18, type: 3}
      propertyPath: m_Bones.Array.data[18]
      value: 
      objectReference: {fileID: 7865944738741588939}
    - target: {fileID: 13787996, guid: 30cf93deff988e74e88a144bd2127c18, type: 3}
      propertyPath: m_Bones.Array.data[19]
      value: 
      objectReference: {fileID: 7865944738741600017}
    - target: {fileID: 13787996, guid: 30cf93deff988e74e88a144bd2127c18, type: 3}
      propertyPath: m_Bones.Array.data[20]
      value: 
      objectReference: {fileID: 7865944738741590685}
    - target: {fileID: 13787996, guid: 30cf93deff988e74e88a144bd2127c18, type: 3}
      propertyPath: m_Bones.Array.data[21]
      value: 
      objectReference: {fileID: 7865944738741499481}
    - target: {fileID: 13787996, guid: 30cf93deff988e74e88a144bd2127c18, type: 3}
      propertyPath: m_Bones.Array.data[22]
      value: 
      objectReference: {fileID: 7865944738741595185}
    - target: {fileID: 13787996, guid: 30cf93deff988e74e88a144bd2127c18, type: 3}
      propertyPath: m_Bones.Array.data[23]
      value: 
      objectReference: {fileID: 7865944738741610549}
    - target: {fileID: 13787996, guid: 30cf93deff988e74e88a144bd2127c18, type: 3}
      propertyPath: m_Bones.Array.data[24]
      value: 
      objectReference: {fileID: 7865944738741549119}
    - target: {fileID: 13787996, guid: 30cf93deff988e74e88a144bd2127c18, type: 3}
      propertyPath: m_Bones.Array.data[25]
      value: 
      objectReference: {fileID: 7865944738741608515}
    - target: {fileID: 13787996, guid: 30cf93deff988e74e88a144bd2127c18, type: 3}
      propertyPath: m_Bones.Array.data[26]
      value: 
      objectReference: {fileID: 7865944738741492887}
    - target: {fileID: 13787996, guid: 30cf93deff988e74e88a144bd2127c18, type: 3}
      propertyPath: m_Bones.Array.data[27]
      value: 
      objectReference: {fileID: 7865944738741547367}
    - target: {fileID: 13787996, guid: 30cf93deff988e74e88a144bd2127c18, type: 3}
      propertyPath: m_Bones.Array.data[28]
      value: 
      objectReference: {fileID: 7865944738741606435}
    - target: {fileID: 13787996, guid: 30cf93deff988e74e88a144bd2127c18, type: 3}
      propertyPath: m_Bones.Array.data[29]
      value: 
      objectReference: {fileID: 7865944738741610861}
    - target: {fileID: 13787996, guid: 30cf93deff988e74e88a144bd2127c18, type: 3}
      propertyPath: m_Bones.Array.data[30]
      value: 
      objectReference: {fileID: 7865944738741538153}
    - target: {fileID: 13787996, guid: 30cf93deff988e74e88a144bd2127c18, type: 3}
      propertyPath: m_Bones.Array.data[31]
      value: 
      objectReference: {fileID: 7865944738741604933}
    - target: {fileID: 13787996, guid: 30cf93deff988e74e88a144bd2127c18, type: 3}
      propertyPath: m_Bones.Array.data[32]
      value: 
      objectReference: {fileID: 7865944738741532873}
    - target: {fileID: 13787996, guid: 30cf93deff988e74e88a144bd2127c18, type: 3}
      propertyPath: m_Bones.Array.data[33]
      value: 
      objectReference: {fileID: 7865944738741494095}
    - target: {fileID: 13787996, guid: 30cf93deff988e74e88a144bd2127c18, type: 3}
      propertyPath: m_Bones.Array.data[34]
      value: 
      objectReference: {fileID: 7865944738741598003}
    - target: {fileID: 13787996, guid: 30cf93deff988e74e88a144bd2127c18, type: 3}
      propertyPath: m_Bones.Array.data[35]
      value: 
      objectReference: {fileID: 7865944738741509975}
    - target: {fileID: 13787996, guid: 30cf93deff988e74e88a144bd2127c18, type: 3}
      propertyPath: m_Bones.Array.data[36]
      value: 
      objectReference: {fileID: 7865944738741598899}
    - target: {fileID: 13787996, guid: 30cf93deff988e74e88a144bd2127c18, type: 3}
      propertyPath: m_Bones.Array.data[37]
      value: 
      objectReference: {fileID: 7865944738741531853}
    - target: {fileID: 13787996, guid: 30cf93deff988e74e88a144bd2127c18, type: 3}
      propertyPath: m_Bones.Array.data[38]
      value: 
      objectReference: {fileID: 7865944738741505333}
    - target: {fileID: 13787996, guid: 30cf93deff988e74e88a144bd2127c18, type: 3}
      propertyPath: m_Bones.Array.data[39]
      value: 
      objectReference: {fileID: 7865944738741496287}
    - target: {fileID: 13787996, guid: 30cf93deff988e74e88a144bd2127c18, type: 3}
      propertyPath: m_Bones.Array.data[40]
      value: 
      objectReference: {fileID: 7865944738741515727}
    - target: {fileID: 13787996, guid: 30cf93deff988e74e88a144bd2127c18, type: 3}
      propertyPath: m_Bones.Array.data[41]
      value: 
      objectReference: {fileID: 7865944738741595715}
    - target: {fileID: 13787996, guid: 30cf93deff988e74e88a144bd2127c18, type: 3}
      propertyPath: m_Bones.Array.data[42]
      value: 
      objectReference: {fileID: 7865944738741616199}
    - target: {fileID: 13787996, guid: 30cf93deff988e74e88a144bd2127c18, type: 3}
      propertyPath: m_Bones.Array.data[43]
      value: 
      objectReference: {fileID: 7865944738741507791}
    - target: {fileID: 13787996, guid: 30cf93deff988e74e88a144bd2127c18, type: 3}
      propertyPath: m_Bones.Array.data[44]
      value: 
      objectReference: {fileID: 7865944738741596987}
    - target: {fileID: 13787996, guid: 30cf93deff988e74e88a144bd2127c18, type: 3}
      propertyPath: m_Bones.Array.data[45]
      value: 
      objectReference: {fileID: 7865944738741542229}
    - target: {fileID: 13787996, guid: 30cf93deff988e74e88a144bd2127c18, type: 3}
      propertyPath: m_Bones.Array.data[46]
      value: 
      objectReference: {fileID: 7865944738741511889}
    - target: {fileID: 13787996, guid: 30cf93deff988e74e88a144bd2127c18, type: 3}
      propertyPath: m_Bones.Array.data[47]
      value: 
      objectReference: {fileID: 7865944738741500709}
    - target: {fileID: 13787996, guid: 30cf93deff988e74e88a144bd2127c18, type: 3}
      propertyPath: m_Bones.Array.data[48]
      value: 
      objectReference: {fileID: 7865944738741558117}
    m_RemovedComponents: []
    m_RemovedGameObjects: []
    m_AddedGameObjects: []
    m_AddedComponents: []
  m_SourcePrefab: {fileID: 100100000, guid: 30cf93deff988e74e88a144bd2127c18, type: 3}
--- !u!4 &7865944738741485943 stripped
Transform:
  m_CorrespondingSourceObject: {fileID: 427806, guid: 30cf93deff988e74e88a144bd2127c18,
    type: 3}
  m_PrefabInstance: {fileID: 7865944738741651049}
  m_PrefabAsset: {fileID: 0}
--- !u!4 &7865944738741492887 stripped
Transform:
  m_CorrespondingSourceObject: {fileID: 432894, guid: 30cf93deff988e74e88a144bd2127c18,
    type: 3}
  m_PrefabInstance: {fileID: 7865944738741651049}
  m_PrefabAsset: {fileID: 0}
--- !u!4 &7865944738741494095 stripped
Transform:
  m_CorrespondingSourceObject: {fileID: 436006, guid: 30cf93deff988e74e88a144bd2127c18,
    type: 3}
  m_PrefabInstance: {fileID: 7865944738741651049}
  m_PrefabAsset: {fileID: 0}
--- !u!4 &7865944738741496163 stripped
Transform:
  m_CorrespondingSourceObject: {fileID: 438026, guid: 30cf93deff988e74e88a144bd2127c18,
    type: 3}
  m_PrefabInstance: {fileID: 7865944738741651049}
  m_PrefabAsset: {fileID: 0}
--- !u!4 &7865944738741496287 stripped
Transform:
  m_CorrespondingSourceObject: {fileID: 438198, guid: 30cf93deff988e74e88a144bd2127c18,
    type: 3}
  m_PrefabInstance: {fileID: 7865944738741651049}
  m_PrefabAsset: {fileID: 0}
--- !u!4 &7865944738741498449 stripped
Transform:
  m_CorrespondingSourceObject: {fileID: 439352, guid: 30cf93deff988e74e88a144bd2127c18,
    type: 3}
  m_PrefabInstance: {fileID: 7865944738741651049}
  m_PrefabAsset: {fileID: 0}
--- !u!4 &7865944738741499481 stripped
Transform:
  m_CorrespondingSourceObject: {fileID: 438320, guid: 30cf93deff988e74e88a144bd2127c18,
    type: 3}
  m_PrefabInstance: {fileID: 7865944738741651049}
  m_PrefabAsset: {fileID: 0}
--- !u!4 &7865944738741500709 stripped
Transform:
  m_CorrespondingSourceObject: {fileID: 441676, guid: 30cf93deff988e74e88a144bd2127c18,
    type: 3}
  m_PrefabInstance: {fileID: 7865944738741651049}
  m_PrefabAsset: {fileID: 0}
--- !u!4 &7865944738741501267 stripped
Transform:
  m_CorrespondingSourceObject: {fileID: 441146, guid: 30cf93deff988e74e88a144bd2127c18,
    type: 3}
  m_PrefabInstance: {fileID: 7865944738741651049}
  m_PrefabAsset: {fileID: 0}
--- !u!4 &7865944738741502317 stripped
Transform:
  m_CorrespondingSourceObject: {fileID: 444164, guid: 30cf93deff988e74e88a144bd2127c18,
    type: 3}
  m_PrefabInstance: {fileID: 7865944738741651049}
  m_PrefabAsset: {fileID: 0}
--- !u!4 &7865944738741502725 stripped
Transform:
  m_CorrespondingSourceObject: {fileID: 443756, guid: 30cf93deff988e74e88a144bd2127c18,
    type: 3}
  m_PrefabInstance: {fileID: 7865944738741651049}
  m_PrefabAsset: {fileID: 0}
--- !u!4 &7865944738741504025 stripped
Transform:
  m_CorrespondingSourceObject: {fileID: 446064, guid: 30cf93deff988e74e88a144bd2127c18,
    type: 3}
  m_PrefabInstance: {fileID: 7865944738741651049}
  m_PrefabAsset: {fileID: 0}
--- !u!4 &7865944738741505333 stripped
Transform:
  m_CorrespondingSourceObject: {fileID: 445276, guid: 30cf93deff988e74e88a144bd2127c18,
    type: 3}
  m_PrefabInstance: {fileID: 7865944738741651049}
  m_PrefabAsset: {fileID: 0}
--- !u!4 &7865944738741507791 stripped
Transform:
  m_CorrespondingSourceObject: {fileID: 446630, guid: 30cf93deff988e74e88a144bd2127c18,
    type: 3}
  m_PrefabInstance: {fileID: 7865944738741651049}
  m_PrefabAsset: {fileID: 0}
--- !u!4 &7865944738741509975 stripped
Transform:
  m_CorrespondingSourceObject: {fileID: 448830, guid: 30cf93deff988e74e88a144bd2127c18,
    type: 3}
  m_PrefabInstance: {fileID: 7865944738741651049}
  m_PrefabAsset: {fileID: 0}
--- !u!4 &7865944738741510543 stripped
Transform:
  m_CorrespondingSourceObject: {fileID: 452582, guid: 30cf93deff988e74e88a144bd2127c18,
    type: 3}
  m_PrefabInstance: {fileID: 7865944738741651049}
  m_PrefabAsset: {fileID: 0}
--- !u!4 &7865944738741511889 stripped
Transform:
  m_CorrespondingSourceObject: {fileID: 450744, guid: 30cf93deff988e74e88a144bd2127c18,
    type: 3}
  m_PrefabInstance: {fileID: 7865944738741651049}
  m_PrefabAsset: {fileID: 0}
--- !u!4 &7865944738741512019 stripped
Transform:
  m_CorrespondingSourceObject: {fileID: 450874, guid: 30cf93deff988e74e88a144bd2127c18,
    type: 3}
  m_PrefabInstance: {fileID: 7865944738741651049}
  m_PrefabAsset: {fileID: 0}
--- !u!4 &7865944738741515727 stripped
Transform:
  m_CorrespondingSourceObject: {fileID: 455590, guid: 30cf93deff988e74e88a144bd2127c18,
    type: 3}
  m_PrefabInstance: {fileID: 7865944738741651049}
  m_PrefabAsset: {fileID: 0}
--- !u!4 &7865944738741525851 stripped
Transform:
  m_CorrespondingSourceObject: {fileID: 400178, guid: 30cf93deff988e74e88a144bd2127c18,
    type: 3}
  m_PrefabInstance: {fileID: 7865944738741651049}
  m_PrefabAsset: {fileID: 0}
--- !u!4 &7865944738741531853 stripped
Transform:
  m_CorrespondingSourceObject: {fileID: 406180, guid: 30cf93deff988e74e88a144bd2127c18,
    type: 3}
  m_PrefabInstance: {fileID: 7865944738741651049}
  m_PrefabAsset: {fileID: 0}
--- !u!4 &7865944738741532873 stripped
Transform:
  m_CorrespondingSourceObject: {fileID: 409248, guid: 30cf93deff988e74e88a144bd2127c18,
    type: 3}
  m_PrefabInstance: {fileID: 7865944738741651049}
  m_PrefabAsset: {fileID: 0}
--- !u!4 &7865944738741534037 stripped
Transform:
  m_CorrespondingSourceObject: {fileID: 408380, guid: 30cf93deff988e74e88a144bd2127c18,
    type: 3}
  m_PrefabInstance: {fileID: 7865944738741651049}
  m_PrefabAsset: {fileID: 0}
--- !u!4 &7865944738741538153 stripped
Transform:
  m_CorrespondingSourceObject: {fileID: 412416, guid: 30cf93deff988e74e88a144bd2127c18,
    type: 3}
  m_PrefabInstance: {fileID: 7865944738741651049}
  m_PrefabAsset: {fileID: 0}
--- !u!4 &7865944738741541137 stripped
Transform:
  m_CorrespondingSourceObject: {fileID: 417656, guid: 30cf93deff988e74e88a144bd2127c18,
    type: 3}
  m_PrefabInstance: {fileID: 7865944738741651049}
  m_PrefabAsset: {fileID: 0}
--- !u!4 &7865944738741542229 stripped
Transform:
  m_CorrespondingSourceObject: {fileID: 416572, guid: 30cf93deff988e74e88a144bd2127c18,
    type: 3}
  m_PrefabInstance: {fileID: 7865944738741651049}
  m_PrefabAsset: {fileID: 0}
--- !u!4 &7865944738741547367 stripped
Transform:
  m_CorrespondingSourceObject: {fileID: 423694, guid: 30cf93deff988e74e88a144bd2127c18,
    type: 3}
  m_PrefabInstance: {fileID: 7865944738741651049}
  m_PrefabAsset: {fileID: 0}
--- !u!4 &7865944738741549119 stripped
Transform:
  m_CorrespondingSourceObject: {fileID: 425558, guid: 30cf93deff988e74e88a144bd2127c18,
    type: 3}
  m_PrefabInstance: {fileID: 7865944738741651049}
  m_PrefabAsset: {fileID: 0}
--- !u!4 &7865944738741558117 stripped
Transform:
  m_CorrespondingSourceObject: {fileID: 498956, guid: 30cf93deff988e74e88a144bd2127c18,
    type: 3}
  m_PrefabInstance: {fileID: 7865944738741651049}
  m_PrefabAsset: {fileID: 0}
--- !u!4 &7865944738741561049 stripped
Transform:
  m_CorrespondingSourceObject: {fileID: 499888, guid: 30cf93deff988e74e88a144bd2127c18,
    type: 3}
  m_PrefabInstance: {fileID: 7865944738741651049}
  m_PrefabAsset: {fileID: 0}
--- !u!4 &7865944738741587383 stripped
Transform:
  m_CorrespondingSourceObject: {fileID: 461790, guid: 30cf93deff988e74e88a144bd2127c18,
    type: 3}
  m_PrefabInstance: {fileID: 7865944738741651049}
  m_PrefabAsset: {fileID: 0}
--- !u!4 &7865944738741587455 stripped
Transform:
  m_CorrespondingSourceObject: {fileID: 461718, guid: 30cf93deff988e74e88a144bd2127c18,
    type: 3}
  m_PrefabInstance: {fileID: 7865944738741651049}
  m_PrefabAsset: {fileID: 0}
--- !u!4 &7865944738741588939 stripped
Transform:
  m_CorrespondingSourceObject: {fileID: 464290, guid: 30cf93deff988e74e88a144bd2127c18,
    type: 3}
  m_PrefabInstance: {fileID: 7865944738741651049}
  m_PrefabAsset: {fileID: 0}
--- !u!4 &7865944738741590685 stripped
Transform:
  m_CorrespondingSourceObject: {fileID: 466164, guid: 30cf93deff988e74e88a144bd2127c18,
    type: 3}
  m_PrefabInstance: {fileID: 7865944738741651049}
  m_PrefabAsset: {fileID: 0}
--- !u!4 &7865944738741595185 stripped
Transform:
  m_CorrespondingSourceObject: {fileID: 469592, guid: 30cf93deff988e74e88a144bd2127c18,
    type: 3}
  m_PrefabInstance: {fileID: 7865944738741651049}
  m_PrefabAsset: {fileID: 0}
--- !u!4 &7865944738741595715 stripped
Transform:
  m_CorrespondingSourceObject: {fileID: 469034, guid: 30cf93deff988e74e88a144bd2127c18,
    type: 3}
  m_PrefabInstance: {fileID: 7865944738741651049}
  m_PrefabAsset: {fileID: 0}
--- !u!4 &7865944738741596987 stripped
Transform:
  m_CorrespondingSourceObject: {fileID: 472402, guid: 30cf93deff988e74e88a144bd2127c18,
    type: 3}
  m_PrefabInstance: {fileID: 7865944738741651049}
  m_PrefabAsset: {fileID: 0}
--- !u!4 &7865944738741598003 stripped
Transform:
  m_CorrespondingSourceObject: {fileID: 471386, guid: 30cf93deff988e74e88a144bd2127c18,
    type: 3}
  m_PrefabInstance: {fileID: 7865944738741651049}
  m_PrefabAsset: {fileID: 0}
--- !u!4 &7865944738741598899 stripped
Transform:
  m_CorrespondingSourceObject: {fileID: 474330, guid: 30cf93deff988e74e88a144bd2127c18,
    type: 3}
  m_PrefabInstance: {fileID: 7865944738741651049}
  m_PrefabAsset: {fileID: 0}
--- !u!4 &7865944738741598951 stripped
Transform:
  m_CorrespondingSourceObject: {fileID: 474254, guid: 30cf93deff988e74e88a144bd2127c18,
    type: 3}
  m_PrefabInstance: {fileID: 7865944738741651049}
  m_PrefabAsset: {fileID: 0}
--- !u!4 &7865944738741600017 stripped
Transform:
  m_CorrespondingSourceObject: {fileID: 473464, guid: 30cf93deff988e74e88a144bd2127c18,
    type: 3}
  m_PrefabInstance: {fileID: 7865944738741651049}
  m_PrefabAsset: {fileID: 0}
--- !u!4 &7865944738741602915 stripped
Transform:
  m_CorrespondingSourceObject: {fileID: 478218, guid: 30cf93deff988e74e88a144bd2127c18,
    type: 3}
  m_PrefabInstance: {fileID: 7865944738741651049}
  m_PrefabAsset: {fileID: 0}
--- !u!4 &7865944738741604709 stripped
Transform:
  m_CorrespondingSourceObject: {fileID: 481036, guid: 30cf93deff988e74e88a144bd2127c18,
    type: 3}
  m_PrefabInstance: {fileID: 7865944738741651049}
  m_PrefabAsset: {fileID: 0}
--- !u!4 &7865944738741604933 stripped
Transform:
  m_CorrespondingSourceObject: {fileID: 480300, guid: 30cf93deff988e74e88a144bd2127c18,
    type: 3}
  m_PrefabInstance: {fileID: 7865944738741651049}
  m_PrefabAsset: {fileID: 0}
--- !u!4 &7865944738741605269 stripped
Transform:
  m_CorrespondingSourceObject: {fileID: 480764, guid: 30cf93deff988e74e88a144bd2127c18,
    type: 3}
  m_PrefabInstance: {fileID: 7865944738741651049}
  m_PrefabAsset: {fileID: 0}
--- !u!4 &7865944738741606435 stripped
Transform:
  m_CorrespondingSourceObject: {fileID: 482890, guid: 30cf93deff988e74e88a144bd2127c18,
    type: 3}
  m_PrefabInstance: {fileID: 7865944738741651049}
  m_PrefabAsset: {fileID: 0}
--- !u!4 &7865944738741608515 stripped
Transform:
  m_CorrespondingSourceObject: {fileID: 484906, guid: 30cf93deff988e74e88a144bd2127c18,
    type: 3}
  m_PrefabInstance: {fileID: 7865944738741651049}
  m_PrefabAsset: {fileID: 0}
--- !u!4 &7865944738741610549 stripped
Transform:
  m_CorrespondingSourceObject: {fileID: 487004, guid: 30cf93deff988e74e88a144bd2127c18,
    type: 3}
  m_PrefabInstance: {fileID: 7865944738741651049}
  m_PrefabAsset: {fileID: 0}
--- !u!4 &7865944738741610861 stripped
Transform:
  m_CorrespondingSourceObject: {fileID: 487172, guid: 30cf93deff988e74e88a144bd2127c18,
    type: 3}
  m_PrefabInstance: {fileID: 7865944738741651049}
  m_PrefabAsset: {fileID: 0}
--- !u!4 &7865944738741616199 stripped
Transform:
  m_CorrespondingSourceObject: {fileID: 489518, guid: 30cf93deff988e74e88a144bd2127c18,
    type: 3}
  m_PrefabInstance: {fileID: 7865944738741651049}
  m_PrefabAsset: {fileID: 0}
